@book{Fowler:2003:UDB:861282,
 author = {Fowler, Martin},
 title = {UML Distilled: A Brief Guide to the Standard Object Modeling Language},
 year = {2003},
 isbn = {0321193687},
 edition = {3},
 publisher = {Addison-Wesley}
}
@book{Gamma:1995:DPE:186897,
 author = {Gamma, Erich and Helm, Richard and Johnson, Ralph and Vlissides, John},
 title = {Design Patterns: Elements of Reusable Object-oriented Software},
 year = {1995},
 isbn = {0-201-63361-2},
 publisher = {Addison-Wesley}
}
@book{Larman:2004:AUP:1044919,
 author = {Larman, Craig},
 title = {Applying UML and Patterns: An Introduction to Object-Oriented Analysis and Design and Iterative Development (3rd Edition)},
 year = {2004},
 isbn = {0131489062},
 publisher = {Prentice Hall PTR}
} 
@book{GrefenPaul_2010, title={Mastering e-business}, publisher={Routledge}, author={Grefen, Paul}, year={2010}}
